1264 2189
385 88 519 130 Lmen
580 89 644 130 11.
970 92 1047 141 ¹47

55 143 139 184 uici
166 142 340 197 partibus
370 147 540 184 Ioannes
569 147 632 183 vt
650 144 717 183 Π.
756 141 925 183 summus
943 145 1047 184 Pon·

61 198 174 247 tifex,
190 200 300 248 cujus
317 200 534 253 ignauiam,
551 211 685 250 praeter
702 199 827 247 illam,
849 212 931 253 quae
949 199 1049 238 tanti

62 253 208 308 fastigii
235 282 248 302 ,
278 267 472 306 tantaeque
503 254 709 307 dignitatis
729 256 854 292 virum
886 254 1051 293 minime

61 308 248 357 decebat,
266 321 441 353 aerarern,
462 311 616 348 Ioannae
634 308 784 360 Papiss'ae
809 307 946 347 fabulae
962 321 1047 347 cau·
1070 317 1116 352 Α.
1136 317 1183 355 c,

60 364 139 402 sam
158 364 288 416 impiis
305 363 448 404 dedisse
464 362 605 402 ferunt.
621 363 682 402 Ab
698 363 775 402 hoc
789 364 921 402 Trecis
938 376 1046 402 coro-
1070 368 1162 409 880,

60 431 189 466 natus,
209 422 246 459 δι
266 419 438 471 Imperio
455 430 662 472 auguratus
680 418 734 458 est
750 416 907 458 Balbus.
936 419 1049 458 Pacis

61 472 393 525 appetentissimus
414 502 427 522 ‚
457 486 575 526 quam
610 472 901 528 flagrantiffime
934 486 1050 525 opta-

58 540 285 576 uerat.,cum
307 528 512 568 Ludouico
530 529 682 574 iuniore
701 529 922 568 Germaniae
937 531 1051 581 Rege

60 583 312 636 composuit:
333 598 425 623 mox
450 583 534 634 post
555 584 720 622 alterum
743 584 902 622 circiter
919 583 1049 637 Regni
1071 594 1121 630 Α,
1144 594 1193 631 c,

61 638 474 691 annum‚Compendij
490 637 617 685 obiit,
636 638 725 677 etim
747 650 929 692 magnam
948 637 997 677 de
1015 636 1051 677 se
1073 646 1157 686 εει,

63 693 169 744 spem
183 721 195 740 ‚
210 706 256 732 ae
272 692 406 733 futurae
423 707 516 732 mox
533 706 660 732 rerum
676 691 1053 744 felicitatis‘opinio-

63 761 154 787 nem
172 748 347 787 extinCtis
363 747 558 787 'bellorum
580 747 790 787 fomitibus
808 747 1051 787 concitasset.

64 801 143 843 Sed
168 803 244 842 hoc
267 801 289 841 ὲ
311 804 411 842 viuis
429 802 579 842 sublato
596 829 609 850 ,
626 803 730 843 male
755 801 939 842 obrutum
956 802 1057 843 belli.

64 857 294 897 incendium
317 857 522 898 resurrexit
542 873 556 897 ε
574 857 781 898 Ludouico
809 858 1054 897 Germanico

64 926 154 952 eum
177 913 329 966 ingenti
358 915 510 952 suorum
528 926 643 951 manu
662 913 700 952 in
725 913 926 952 franciam
963 926 1056 965 pro·

63 967 327 1020 perante,qub
349 968 458 1007 illum
476 967 751 1007 sceleratorum
771 967 917 1007 ciuium
936 967 1055 1007 r-obnr
1077 963 1220 1003 [vno-

65 1036 112 1063 ac
129 1021 238 1061 furor
252 1022 488 1062 enecabant.
520 1025 612 1062 Hoc
630 1023 800 1063 tumultu
818 1050 832 1071 ‚
846 1034 892 1061 ea
908 1022 1052 1063 Lotha-
1072 1030 1199 1058 VlCVS

65 1078 198 1132 ringiae
214 1090 320 1128 pars,
337 1090 419 1130 quae
438 1078 565 1117 Caluo
591 1076 792 1130 obtigerat
808 1105 821 1123 ,
842 1089 889 1116 ex
908 1079 1050 1118 Proce-
1074 1075 1093 1111 Ι
1109 1076 1129 1112 I
1146 1076 1184 1114 I·

64 1147 150 1172 rum
169 1132 351 1171 consensu
372 1133 614 1172 Germanico
629 1131 764 1182 ceffit3
780 1131 830 1171 fic
857 1130 906 1172 ab
925 1134 1055 1174 Armis
1101 1140 1122 1166 ἓ
1140 1138 1169 1166 Τ

63 1186 236 1227 secundo
256 1186 455 1226 discess'um
474 1187 527 1226 est
546 1216 560 1233 .,
577 1188 747 1226 Boss'one
768 1188 887 1227 etiam
905 1190 1050 1240 Tyran-
1075 1185 1110 1222 C
1126 1194 1210 1226 AR-

64 1242 195 1284 nidem
213 1254 281 1293 per
296 1242 408 1293 hujus
424 1242 491 1281 aeui
511 1243 673 1295 spatium
690 1242 911 1282 affectante.
943 1247 1048 1283 Inte·
1072 1249 1094 1275 L
1109 1252 1157 1277 0·

65 1297 140 1338 rim
160 1297 348 1336 Norrnani
368 1298 577 1336 saxoniam
610 1297 819 1350 populati,
846 1297 931 1350 post
965 1297 1048 1339 infi-
1071 1304 1197 1334 MAN-

65 1365 186 1406 gnem
218 1350 267 1390 de
298 1353 507 1391 Germanis
536 1352 772 1400 notoriam,
800 1353 840 1392 in
875 1353 1051 1393 Galliam
1072 1358 1153 1387 NVS

65 1408 148 1447 late
188 1417 378 1445 terrorem
421 1406 742 1447 circumferentes
778 1433 793 1453 ‚
837 1407 1052 1448 transmisso
1072 1404 1218 1445 Recte

64 1461 210 1503 Rheno
227 1461 490 1502 effunduntur.
529 1462 753 1502 Ludouicus
768 1462 807 1501 &
823 1463 1051 1503 Carloman-
1071 1461 1222 1499 Fam-

65 1530 137 1557 nus
168 1516 293 1556 Balbo
318 1516 399 1556 nati
418 1546 432 1566 ‚
464 1516 564 1557 τεᾶἒ
580 1544 593 1564 ,
610 1530 658 1557 an
687 1514 853 1572 obliqua
871 1517 1051 1558 nascendi
1071 1525 1223 1557 convm

65 1571 170 1611 sorte
185 1598 199 1618 ‚
222 1571 405 1611 authores
433 1584 603 1624 vtroque
631 1571 787 1612 trahunt
806 1599 820 1619 ‚
853 1572 969 1612 initio
996 1572 1050 1613 sui
1073 1571 1122 1608 Α.
1141 1575 1188 1612 C.

65 1626 310 1678 Principatus
328 1654 341 1673 ‚
369 1625 539 1666 feliciter
555 1627 643 1666 satis
661 1626 843 1667 aduersus
859 1626 1051 1668 Barbaros
1071 1623 1162 1664 882·

66 1694 149 1722 rem
171 1681 316 1736 geffere
335 1698 343 1721 ι
360 1693 405 1720 ac
434 1681 581 1734 duplici
615 1681 746 1733 praelio
761 1709 775 1730 ,
794 1683 919 1721 altero
948 1683 1050 1735 apud
1070 1681 1186 1723 Aim-

65 1737 286 1791 Vigennam
307 1738 345 1776 in
365 1738 568 1776 pietonum
586 1739 870 1789 Turonumque
889 1737 1050 1786 finibus,
1069 1734 1163 1776 ibid.

64 1791 189 1830 altero
206 1793 311 1839 iuxta
339 1791 758 1846 Schaldim‚ingentem
776 1790 942 1831 hostium
960 1792 1048 1832 stra·
1066 1794 1216 1836 Auent-

65 1858 155 1899 gem
173 1844 344 1886 edidere.
378 1845 453 1885 Sed
473 1847 697 1888 domesticis
723 1846 836 1885 bellis
862 1845 1047 1898 impliciti
1065 1846 1092 1882 l·
1117 1861 1160 1891 4.

65 1903 199 1955 Reges
228 1929 241 1945 ‚
273 1913 521 1952 erumpentes
541 1901 715 1954 vndiqne
736 1900 841 1941 effusi
864 1905 1049 1942 torrentis
1069 1899 1195 1955 Sigon.

65 1955 182 1996 instat
197 1955 387 1996 Barbaros
403 1956 528 1997 fistere
548 1971 627 1997 non
645 1967 841 2009 poterant,
860 1956 953 2010 quin
971 1957 1050 1997 late
1067 1953 1094 1995 l.
1116 1974 1144 2006 5.

0 2048 15 2062 l
67 2011 320 2064 grassarentur
337 2028 346 2052 ι
362 2011 498 2064 hisque
513 2012 536 2052 ὲ
553 2011 653 2052 vinis
678 2012 777 2052 intra
804 2023 950 2064 paucos
966 2011 1049 2053 dies
1070 2011 1161 2065 luft-

51 2066 209 2120 'ereptis
237 2093 254 2117 ‚
288 2066 416 2119 x'najor
443 2066 587 2111 fiducia
615 2065 841 2164 diripiexgdff
882 2069 1050 2111 Francia
1065 2065 1098 2111 l·
1118 2075 1161 2120 69

808 2133 836 2176 ¹)
