1264 2189
238 101 316 139 ²24
561 90 691 128 Ftonr
726 91 951 130 Faaucrcr

66 133 202 185 Philip·
235 156 345 182 morte
365 142 512 196 defungi
537 144 712 196 gaudent.
745 144 921 183 Tandem
939 143 1028 184 esim
1046 142 1216 183 incertus

63 202 126 240 ΡΜ
159 194 210 229 ll·
233 197 298 237 diu
316 199 433 250 praelij
453 210 612 237 euentus
630 199 830 238 victoriam
848 198 1088 246 distinuiss'et,
1106 198 1213 250 pressi

65 249 199 297 Augu-
236 253 283 292 ab
307 256 458 293 Francis
478 253 680 293 Caesariani
711 252 843 308 fugam
874 254 1021 293 faciunt
1041 280 1056 301 ‚
1082 253 1209 302 omni,

55 298 130 350 stus

235 321 473 361 quaecunque
501 308 661 360 patebat
693 307 740 346 ad
768 308 928 348 salutem
948 337 961 356 ,
987 310 1049 347 vizi
1081 320 1211 347 erum-

168 383 175 387 ·
234 376 394 414 pentes:
415 376 458 402 ac
482 364 604 402 Caesar
633 363 671 402 in
702 365 954 416 equum‚qui
972 363 1018 402 ad
1050 362 1126 402 hoc
1152 361 1210 410 (si

233 417 394 456 suasisset
428 417 656 465 neceffitas)
687 417 905 457 seruabatur
930 445 943 464 ,
977 416 1212 468 impositus3

231 472 449 513 effusissimo
467 472 574 512 cursu
594 501 606 521 ,
637 472 672 510 se
689 473 855 524 Philippi
872 473 996 512 oculis
1015 485 1059 510 ac
1075 473 1212 512 virtuti

231 529 386 580 eripuit.
422 527 582 579 Captiui
614 528 741 574 multi,
761 529 868 579 iique
891 525 1212 567 illustres2caes0-

230 597 314 623 rum
333 596 512 622 numerus
530 583 685 636 ingens.
713 583 888 622 Victoriae
904 582 1071 635 gloriam
1104 580 1212 621 auxit

231 650 345 690 capta
378 638 522 690 Aquila
547 665 561 685 ‚
592 650 682 675 curn
725 638 857 689 primis
883 637 1060 677 Ducibus
1081 635 1212 675 Perdi-

230 692 362 732 nando
392 695 428 732 δι
461 691 682 745 Reginaldo
700 720 713 739 ‚
734 692 810 731 hoc
838 690 1070 732 Bononiensi
1094 717 1108 738 ‚
1138 691 1210 730 illo
1260 702 1264 706 ·

230 747 415 787 Flandriae
433 747 672 792 amitibus,
694 747 790 786 tanti
809 745 902 786 belli
933 745 1210 786 machinatori-

230 800 302 841 bus
334 817 427 841 mox
458 801 655 840 Lutetiam
679 800 819 856 insigni
855 801 1053 854 triumpho
1071 800 1207 841 duGis·

229 858 314 897 Nee
330 856 637 910 praetereundum
657 856 727 903 est,
744 856 986 908 Philippum,
1002 868 1211 907 appetente

228 911 306 960 jam
343 911 548 957 confflem,
572 912 722 963 regium
750 910 930 950 diadema
956 912 994 950 in
1016 910 1121 949 edita
1144 909 1211 951 arii

164 972 174 982 '
230 966 461 1018 inspectante
497 967 665 1006 exercitu
697 966 860 1005 statuisse
888 979 902 1014 ς
932 978 978 1004 ac
1004 962 1211 1016 professum

159 1027 169 1037 “
230 1024 384 1075 Regem
404 1020 504 1059 vlcro
526 1021 582 1059 illi
601 1022 809 1068 cessurum,
824 1021 888 1071 qui
906 1032 970 1059 aut
988 1033 1034 1059 eo
1051 1018 1210 1073 dignior
1252 1021 1254 1023 ’

229 1075 448 1118 censeretur
463 1102 476 1121 ,
497 1088 562 1114 aut
584 1074 802 1129 generosius
819 1074 1074 1128 depugnaret.
1109 1078 1210 1115 Tum

231 1130 281 1170 ab
299 1129 474 1169 vniuerso
505 1130 674 1168 exercitu
693 1131 982 1170 conclamatum
1002 1156 1017 1175 ‚
1045 1129 1211 1177 vineta,

230 1197 409 1238 regnaret
427 1184 666 1238 dignissimus
691 1188 772 1224 Rex
789 1213 802 1231 ‚
821 1198 890 1234 pro
911 1186 1021 1235 cujus
1052 1183 1176 1238 gloriii
1193 1212 1208 1231 ‚

229 1243 267 1281 &
285 1240 458 1279 Francici
486 1239 656 1278 nominis
681 1238 810 1286 laude,
826 1239 1052 1294 sanguinem
1071 1237 1213 1293 singuli

231 1293 538 1345 profunderent:
558 1294 759 1345 petitzique
794 1294 903 1333 illico
934 1305 1070 1347 pugnae
1095 1306 1210 1346 pote-

230 1349 328 1389 state
354 1377 367 1396 ‚
405 1351 441 1388 in
468 1348 616 1387 hostem
651 1347 810 1387 vniuerfi
832 1376 844 1395 ‚
861 1351 994 1388 leones
1015 1348 1069 1386 vti
1086 1362 1206 1399 ,pro-

230 1403 430 1443 siluerunt.
458 1405 543 1443 Fuit
561 1403 654 1442 illud
673 1405 809 1455 ingens
825 1404 873 1441 ad
890 1403 1057 1455 gloriam
1074 1403 1210 1442 incita·

167 1485 170 1487 ,
229 1469 407 1509 mentum
425 1473 439 1507 3
458 1472 536 1510 quo
558 1457 700 1497 faaum
730 1458 784 1496 est
800 1485 813 1504 ‚
829 1470 868 1496 vt
887 1458 1109 1509 Philippum
1126 1459 1211 1497 laus

227 1514 462 1553 immortalis
478 1541 491 1558 ‚
512 1517 679 1552 Francos
708 1514 868 1551 viaoria
897 1512 1053 1565 insignis
1077 1511 1209 1564 seque-

229 1581 347 1608 retur.
382 1572 466 1607 Nec
481 1567 576 1606 verb
593 1566 829 1606 fortunatior
846 1567 992 1609 Caesare
1009 1566 1084 1606 alifi
1101 1579 1212 1618 parte

227 1624 380 1676 Anglus
401 1641 410 1663 ε
429 1622 570 1662 eodem
589 1622 733 1674 quippe
752 1622 815 1661 die
836 1622 937 1674 apud
954 1620 1208 1675 Andegauos,

228 1678 453 1718 Ludouicus
488 1677 656 1729 Philippi
689 1676 791 1716 filius
832 1681 1022 1715 Ioannem
1056 1677 1207 1729 Angliae

228 1736 384 1785 Regem
404 1732 506 1772 fudit
523 1760 534 1777 ‚
554 1745 669 1784 capto
691 1733 728 1770 in
759 1732 842 1770 acie
861 1729 1112 1770 saleberiensi
1131 1734 1210 1770 Co·

230 1788 339 1827 mite.
376 1791 434 1826 Ita
463 1787 689 1826 distantibus
721 1787 757 1825 in
777 1787 875 1825 locis
906 1786 973 1825 fibi
1009 1785 1213 1826 constante

226 1841 385 1882 fortuna
404 1871 415 1889 ‚
433 1855 473 1880 vt
503 1843 657 1882 diuersis
676 1840 805 1880 castris
823 1854 952 1892 parem
972 1842 1122 1879 vultum
1145 1840 1211 1879 ad·

231 1910 384 1936 uertens
399 1926 412 1944 ,
432 1897 641 1949 vtrobique
673 1895 898 1934 fortioribus
932 1897 1079 1947 palmas
1101 1909 1211 1934 corn-

229 1964 395 2004 pararet.
441 1952 639 2003 Philippus
669 1950 752 2002 post
784 1950 968 2005 insignem
1011 1950 1060 1989 de
1084 1962 1143 1989 tot
1164 1962 1210 1990 ae

231 2008 347 2045 tantis
363 2007 534 2048 hostibus
550 2007 760 2046 Viaoriam
777 2034 790 2054 ‚
810 2019 854 2044 ac
873 2005 984 2044 tanto
1001 2007 1208 2056 majorem,

229 2061 380 2117 quanto
401 2064 603 2117 potentior
622 2061 740 2105 hostis
755 2087 768 2112 ‚
791 2074 918 2118 pugna
940 2061 1206 2115 pertinacior,
