1264 2189
38 759 190 809 emlm

41 818 67 856 S
72 819 85 855 i
89 832 136 855 m-

40 872 133 926 plut

40 930 132 977 Rex

43 991 158 1021 tran·

43 1049 179 1079 cvrum·

48 1578 99 1621 Ἀ.
119 1582 172 1621 C.

51 1648 136 1690 923.

216 89 291 144 158
537 94 674 134 Phoar
717 95 944 136 Funere:

214 160 355 189 corum
386 145 571 186 nobilitas
601 148 639 188 id
673 150 772 204 aegre
807 151 895 188 tulit
925 177 938 197 ,
969 159 1195 203 quanquam

217 201 386 255 sparsum
410 203 431 241 a
451 202 713 254 perduellibus
729 232 742 250 ‚
756 216 801 243 vt
820 204 1036 244 Robertum
1065 206 1194 243 Eudo-

216 258 278 297 nis
306 256 461 296 fratrem
479 284 494 304 .‚
516 258 685 296 Andium
710 261 862 298 Ducem
875 248 948 305 ss&
967 260 1192 313 Magistrum

215 313 402 364 Equitum
424 312 460 350 in
481 315 628 366 Regem
647 314 805 351 ascitum
825 341 837 360 ‚
861 327 906 353 ac
927 315 1058 352 Remis
1078 318 1094 363 <
1111 326 1195 365 quae

211 375 298 405 tum
320 367 478 405 licentia
496 367 699 406 rebellium
718 366 822 414 fuit)
849 367 1003 420 publice
1027 368 1192 421 inaugu-

212 433 337 460 ratum
358 449 369 468 ‚
390 421 582 460 salutaret.
628 423 797 461 Primum
830 423 920 461 noui
955 423 1195 473 Principatus

211 474 360 515 facinus
379 503 390 521 ‚
409 477 498 514 cum
517 478 802 515 Germanorum
823 480 933 530 Rege
963 478 1137 516 Henrico
1154 477 1195 517 in

211 530 349 570 Caroli
380 531 592 580 perniciem
624 528 789 570 societas
814 529 899 570 fuit.
937 534 1036 569 Turn
1072 543 1194 582 expu-

211 596 334 639 gnato
364 583 481 624 facile
503 585 691 625 Lauduno
707 613 720 633 ‚
745 585 913 636 expilatc‘i
937 587 1056 624 etiam
1086 583 1195 639 regi3

210 640 447 690 supellectile
466 655 480 689 3
498 637 642 678 famam
669 639 913 680 liberalitatis
932 642 1071 693 regiae,
1093 639 1197 691 apud

209 694 388 735 conscios
419 698 456 733 δι
490 696 674 746 potentiae
700 694 882 734 satellites
915 693 1031 734 facile
1063 696 1197 735 conci-

210 750 322 789 tauit.
359 750 524 788 Carolus
555 750 726 797 interim,
743 748 890 789 delectu
921 750 1058 788 habito
1075 778 1087 796 ‚
1105 751 1196 789 cium

212 806 374 844 Gallicae
398 806 611 854 iuuentutis
633 805 791 857 exiguas
821 806 953 855 copias
977 805 1193 851 conflasset,

210 871 430 899 exterorum
449 857 644 910 frequenti
665 858 849 897 concursu
872 866 886 908 (
909 860 1057 897 tantum
1083 871 1195 910 pere-

211 916 322 970 grina
340 915 458 952 virtus
475 913 707 960 eminebat)
728 912 900 960 adiutus,
916 913 1075 952 obuiam
1094 912 1194 953 hosti

211 969 486 1021 progreditur,
510 969 714 1018 MaJ'estate
744 967 844 1012 haud
872 981 1005 1020 parum
1027 970 1196 1008 securus.

212 1024 392 1064 Roberto
414 1024 543 1062 delata
560 1022 729 1076 dignitas
746 1024 860 1062 armis
881 1022 1076 1063 afferenda
1106 1022 1196 1071 fuit,

211 1091 254 1118 vt
289 1079 437 1118 virtute
480 1077 640 1129 adeptus
673 1081 853 1131 Regnum
883 1106 896 1124 ‚
928 1091 1007 1117 non
1046 1077 1197 1117 ambitu

208 1134 459 1187 popularium
485 1133 636 1171 suorum
670 1131 853 1183 irrepsisse
886 1133 1058 1184 Imperio
1087 1132 1197 1172 dice·

210 1201 328 1228 retur.
370 1191 444 1227 Pro
477 1192 687 1226 Simpttcn
717 1187 872 1226 Flandri
893 1214 907 1232 ‚
939 1188 1200 1241 Lotharingi,

211 1243 482 1294 Germanique
512 1241 790 1294 depugnabant
820 1255 836 1289 3
866 1255 1010 1281 nouum
1041 1244 1197 1296 Regem

211 1311 298 1351 pars
328 1301 563 1337 Francorum
598 1297 766 1335 maxima
797 1294 1041 1346 sequebatur.
1091 1297 1197 1338 Hinc

212 1352 351 1393 ardens
402 1351 510 1391 bello
549 1354 638 1390 Dux
668 1378 682 1397 ‚
724 1353 760 1390 &
809 1350 955 1389 recenti
1002 1350 1197 1405 dignitate

212 1409 375 1447 erectior
403 1421 416 1456 3
448 1405 537 1446 inde
560 1405 684 1460 segnis
705 1418 794 1443 cum
816 1407 986 1444 exercitu
1003 1433 1017 1453 ‚
1034 1407 1194 1445 alterius

214 1462 420 1514 imperium
447 1462 682 1512 expectante.
723 1462 894 1498 Haereres
923 1487 940 1507 ,
966 1459 992 1498 fi
1025 1459 1192 1500 liberum

212 1516 341 1563 foret..
357 1529 484 1555 vtrum
502 1514 727 1567 sequereris,
745 1515 974 1553 retinentem
996 1517 1200 1570 Regnum,

215 1585 265 1612 an
294 1573 521 1626 exigentem
548 1587 556 1609 :
582 1569 647 1608 nifi
679 1569 787 1620 qubd
820 1571 950 1608 melior
979 1584 1054 1609 erat
1089 1571 1197 1622 eausa

214 1627 317 1678 suurn
340 1643 409 1664 non
445 1627 617 1662 trademis
647 1655 654 1662 .
677 1640 785 1675 quam
817 1625 985 1673 posenni(
1015 1624 1192 1665 alient‘aem.

217 1685 302 1723 Nec
321 1681 415 1718 verb
434 1678 521 1717 foro
537 1707 549 1723 ,
570 1678 631 1716 sed
665 1676 767 1716 ferro
785 1690 888 1716 tanta
908 1678 1007 1717 inter
1031 1679 1127 1718 duos
1151 1680 1197 1719 lis

216 1736 425 1776 dirimitur.
467 1738 509 1772 ln
530 1733 763 1772 sueffionum
785 1732 925 1771 finibus
951 1733 1194 1773 concursum.

216 1790 294 1830 Vbi
328 1791 465 1827 initum
494 1800 690 1826 certamen
722 1788 775 1825 est
803 1815 816 1834 ‚
843 1789 976 1826 omnia
1005 1789 1042 1826 in
1073 1789 1196 1828 alterai

217 1857 327 1899 parte
356 1842 462 1882 fuere
491 1855 621 1894 praeter
645 1840 838 1881 fortunam
858 1870 869 1889 ‚
901 1845 1020 1881 virtus
1038 1870 1049 1889 ,
1075 1845 1164 1881 Dux
1180 1869 1195 1890 ,

215 1900 362 1939 milites
379 1899 437 1938 :in
456 1898 574 1936 altera
593 1897 688 1936 nihil
707 1910 839 1946 praerer
855 1897 1011 1936 milites.
1029 1898 1194 1949 Vtrique

215 1952 470 2005 Imperatori,
489 1965 535 1990 ne
551 1953 652 1990 vieto
671 1952 866 1990 insultaret
895 1953 1031 1993 vietor.
1057 1963 1199 2002 poten-

217 2009 280 2049 tiae
298 2007 365 2047 suae
381 2008 569 2046 terminus
596 2005 667 2046 fuit
685 2007 751 2044 illa
778 2019 920 2057 pugna.
958 2007 1059 2045 Huic
1079 2005 1195 2051 fato,

214 2063 274 2106 ini
289 2062 519 2117 captiuitatc
535 2073 668 2116 exepta
683 2061 751 2102 est.
774 2061 972 2103 Robertus
988 2061 1079 2103 dum
1096 2073 1199 2102 acer·
