1264 2189
75 505 223 551 Carolus

73 579 109 606 Μ
120 579 223 620 tgnus

73 626 93 660 1
98 636 195 668 mpe-

68 690 173 717 rator

69 741 186 770 Fran-

69 800 191 826 eorum

70 844 175 890 Rex.

71 895 128 934 fl.
147 895 216 937 l.2.

69 964 102 991 c.
122 965 156 991 2.

66 1984 125 2027 LA.
144 1988 186 2025 c,

249 89 330 128 ¹²4
579 81 709 118 From
741 81 966 120 Pnaucrcr

248 137 372 186 quam
394 132 617 174 Audemaro
648 135 812 174 Comite
833 134 1028 176 Genuensi
1060 136 1229 190 partium

247 188 463 228 nostrarum
495 191 609 228 Duce
638 189 734 229 caeso
752 188 930 241 feroces3
950 191 988 230 in
1012 191 1228 233 Sardiniam

247 244 533 296 Corsicamque
557 243 792 284 exscendunt
821 272 836 292 ‚
865 244 1035 297 dirisque
1063 248 1227 298 popula-

245 298 420 338 tionibus
441 295 525 337 saeui
551 296 742 338 infestant.
776 299 873 339 Inde
896 301 989 351 pum
1020 300 1042 339 a
1071 301 1227 348 sardis,

243 364 335 392 curn
377 352 600 392 Burchardo
638 355 821 405 Equitum
862 354 1049 408 Magistro
1086 357 1229 396 Nauali

242 408 375 461 pugna
406 407 639 461 confligunt.
670 407 734 447 Illi
757 407 916 462 quidem
946 410 1103 449 nauium
1124 412 1227 450 mul-

243 461 412 502 titudine
427 489 440 509 ‚
456 462 658 502 celeritate
675 489 688 509 ,
705 461 789 510 vsu,
805 463 1016 514 superiores
1035 478 1050 511 3
1068 464 1130 503 sed
1149 466 1226 505 vir-

243 528 302 556 tus
319 520 558 557 Francorum
572 516 813 557 multitudini
845 517 945 557 haud
962 518 1080 558 ceffit.
1107 520 1225 560 Fran-

242 584 311 612 cos
328 571 660 612 Mediterraneum
688 571 892 612 hominum
924 585 1044 628 genus
1061 600 1076 619 ‚
1107 575 1228 614 mari-

242 627 508 679 timarumque
539 638 665 666 rerum
695 625 890 672 insolens,
915 641 1022 667 nouo
1051 626 1225 668 bellandi

242 693 354 721 more
376 683 553 722 territum
571 681 615 720 iri
632 708 647 729 ‚
663 680 790 721 hostes
819 682 1061 733 sperauerant
1076 710 1089 730 ,
1109 682 1225 724 stulti

241 735 390 776 ferocia
435 734 586 786 superbi
618 749 633 784 3
663 734 766 787 quasi
805 739 1009 787 Neptunus
1037 737 1224 778 virtutem

240 803 378 832 eorum
398 790 574 836 auxisset,
589 791 656 842 qui
677 791 795 830 toties
811 789 911 831 terra
929 790 1224 832 succubuerant.

241 845 316 885 Sed
334 846 401 885 ilse
422 844 526 883 rudis
542 843 710 896 vereque
739 844 922 884 terrestris
951 846 1116 897 populus
1149 852 1225 894 (vt

240 899 290 942 de
326 900 516 940 Romanis
549 898 746 952 quondam
785 899 968 939 aduersus
1009 899 1222 954 Carthagi-

239 954 389 996 nienses
425 955 523 993 mari
541 995 544 998 ,
563 953 804 994 certantibus
844 952 973 995 ferunt
1001 959 1018 1004 )
1055 954 1224 995 ostendit

238 1011 341 1051 nihil
357 1011 512 1061 interesse
530 1010 681 1049 virtutis
700 1040 710 1055 ,
733 1009 832 1060 equis
849 1024 897 1048 an
913 1011 1066 1049 nauibus
1083 1039 1093 1054 ‚
1125 1011 1222 1049 cerri

237 1078 287 1104 an
305 1067 400 1104 mari
414 1064 664 1103 dimicaretur.
690 1061 840 1104 Profuit
857 1064 1012 1104 Francis
1032 1062 1221 1104 callidum

235 1119 433 1159 nucissui
451 1117 657 1158 confilium
675 1133 684 1158 ε
702 1130 744 1157 vt
774 1117 922 1166 inieais
943 1118 1123 1158 manibus
1146 1116 1222 1158 fer·

235 1175 329 1221 reis,
343 1172 608 1225 machinisque
623 1173 709 1216 aliis
723 1199 738 1219 ‚
756 1184 977 1225 quanquam
994 1185 1084 1213 ante
1101 1185 1222 1212 certa-

234 1240 328 1268 men
348 1227 515 1267 multum
536 1227 583 1266 ab
601 1226 710 1268 hoste
725 1226 992 1267 deriderentur
1005 1255 1019 1275 ‚
1035 1227 1217 1268 cominus

233 1281 343 1336 quasi
372 1284 410 1323 in
430 1281 554 1321 solido
571 1280 824 1321 decernerent
838 1309 851 1329 ‚
876 1283 1082 1335 aciemque
1101 1284 1220 1325 mari—

235 1339 374 1377 timam
407 1336 567 1377 similem
597 1335 764 1376 terrestri
801 1336 1041 1377 instruerent.
1082 1340 1139 1376 Ac
1168 1336 1220 1377 eb

235 1392 397 1445 quidem
429 1391 602 1431 atrocior
627 1392 747 1442 quam
783 1392 884 1430 terra
909 1419 924 1438 ‚
962 1391 1057 1431 mari
1091 1403 1221 1446 pugna

234 1448 438 1486 commissa
459 1445 512 1485 est
527 1474 540 1492 ‚
573 1445 681 1497 quod
713 1447 842 1497 ereptfi
866 1445 960 1500 fuga
979 1457 1042 1485 aut
1059 1445 1220 1486 vincen-

234 1501 329 1541 dum
358 1528 371 1548 ‚
406 1513 474 1542 aut
508 1499 754 1539 moriendum
790 1500 960 1553 vtrisque
999 1501 1212 1552 superesset.

235 1558 382 1611 Ingens
415 1555 640 1596 certaminis
675 1554 801 1610 gloria
831 1554 1053 1595 Burchardo
1087 1555 1220 1610 magni

235 1612 405 1651 nomicis
424 1610 523 1650 Duci
542 1621 648 1661 parta
667 1609 719 1650 est
738 1625 746 1649 :
768 1609 913 1663 quippe
929 1611 1058 1650 multae
1075 1611 1218 1651 Barba-

235 1679 367 1704 rorum
385 1677 502 1704 naues
521 1664 740 1713 interceptae
752 1692 765 1711 ‚
781 1665 910 1703 multae
926 1664 1100 1716 depressae
1117 1664 1218 1714 sunt,

235 1720 380 1773 exiguo
397 1733 442 1759 ac
466 1719 586 1770 prope
608 1719 715 1758 nullo
731 1723 967 1758 Francorum
984 1718 1185 1770 dispendio
1201 1747 1216 1768 ,

233 1776 340 1814 nulla
369 1773 594 1813 desiderata.
641 1773 703 1811 Sic
732 1785 917 1812 terrarum
947 1775 982 1812 &
1013 1774 1127 1813 maris
1152 1773 1212 1813 fir·

234 1841 341 1868 mata
371 1827 541 1881 possessio
578 1827 731 1867 Francis
759 1827 863 1867 stetit
894 1843 904 1868 :
937 1827 1064 1867 donec
1095 1828 1216 1868 iidem

233 1883 407 1930 Barbari,
427 1880 576 1932 direpti
595 1882 732 1921 iteriim
766 1881 937 1921 sardini&
956 1882 1212 1934 cmficfiqne,

235 1937 386 1979 valeria
405 1936 484 1977 siue
499 1935 628 1977 Aleria
649 1936 849 1975 clarissima
868 1937 992 1976 insulae
1007 1936 1115 1985 vrbe,
1132 1937 1214 1977 fun-

235 1993 336 2035 ditus
354 1990 484 2033 deleta
501 2019 514 2038 ‚
531 1992 568 2031 in
585 1989 812 2041 Hispaniam
830 1991 1033 2034 redeuntes
1050 2020 1062 2044 ,
1081 1992 1128 2035 ad
1145 1996 1215 2036 Ba-

233 2041 357 2090 hares
380 2047 520 2098 insulas
537 2047 689 2100 penitus
707 2045 826 2088 deleti
843 2046 938 2088 sunt.
