<?xml version="1.0" encoding="UTF-8"?>
<!DOCTYPE html PUBLIC "-//W3C//DTD XHTML 1.0 Transitional//EN"
    "http://www.w3.org/TR/xhtml1/DTD/xhtml1-transitional.dtd">
<html xmlns="http://www.w3.org/1999/xhtml" xml:lang="en" lang="en">
 <head>
  <title>
</title>
<meta http-equiv="Content-Type" content="text/html;charset=utf-8" />
  <meta name='ocr-system' content='tesseract 3.04.00' />
  <meta name='ocr-capabilities' content='ocr_page ocr_carea ocr_par ocr_line ocrx_word'/>
</head>
<body>
  <div class='ocr_page' id='page_1' title='image "./florusfrancicuss00bert/florusfrancicuss00bert_0252.png"; bbox 0 0 1264 2189; ppageno 0'>
   <div class='ocr_carea' id='block_1_1' title="bbox 188 58 905 106">
    <p class='ocr_par' dir='ltr' id='par_1_1' title="bbox 188 58 905 106">
     <span class='ocr_line' id='line_1_1' title="bbox 188 58 905 106; baseline 0.011 -8"><span class='ocrx_word' id='word_1_1' title='bbox 188 58 264 99; x_wconf 79' lang='lat'>228</span> <span class='ocrx_word' id='word_1_2' title='bbox 371 87 380 96; x_wconf 78' lang='grc'><strong>.</strong></span> <span class='ocrx_word' id='word_1_3' title='bbox 513 62 644 102; x_wconf 67' lang='lat' dir='ltr'>Ftom</span> <span class='ocrx_word' id='word_1_4' title='bbox 679 62 905 106; x_wconf 69' lang='lat' dir='ltr'>Famem</span> 
     </span>
    </p>
   </div>
   <div class='ocr_carea' id='block_1_2' title="bbox 13 112 1163 229">
    <p class='ocr_par' dir='ltr' id='par_1_2' title="bbox 13 112 1163 229">
     <span class='ocr_line' id='line_1_2' title="bbox 15 112 1160 172; baseline 0.01 -20"><span class='ocrx_word' id='word_1_5' title='bbox 15 113 57 152; x_wconf 81' lang='lat'>8.</span> <span class='ocrx_word' id='word_1_6' title='bbox 77 113 145 151; x_wconf 81' lang='lat' dir='ltr'>zu·</span> <span class='ocrx_word' id='word_1_7' title='bbox 185 125 276 153; x_wconf 88' lang='lat' dir='ltr'>cum</span> <span class='ocrx_word' id='word_1_8' title='bbox 309 112 434 169; x_wconf 88' lang='lat' dir='ltr'>longo</span> <span class='ocrx_word' id='word_1_9' title='bbox 465 114 660 156; x_wconf 80' lang='lat' dir='ltr'><strong>nobilium</strong></span> <span class='ocrx_word' id='word_1_10' title='bbox 691 120 848 172; x_wconf 79' lang='lat' dir='ltr'>agmine</span> <span class='ocrx_word' id='word_1_11' title='bbox 877 121 1063 160; x_wconf 78' lang='lat' dir='ltr'>co‘e&#39;untes</span> <span class='ocrx_word' id='word_1_12' title='bbox 1082 147 1097 170; x_wconf 93' lang='lat'>,</span> <span class='ocrx_word' id='word_1_13' title='bbox 1122 119 1160 164; x_wconf 75' lang='lat' dir='ltr'>in</span> 
     </span>
     <span class='ocr_line' id='line_1_3' title="bbox 13 167 1163 229; baseline 0.01 -22"><span class='ocrx_word' id='word_1_14' title='bbox 13 167 131 207; x_wconf 78' lang='lat' dir='ltr'>douic.</span> <span class='ocrx_word' id='word_1_15' title='bbox 188 171 342 223; x_wconf 86' lang='lat' dir='ltr'>Regem</span> <span class='ocrx_word' id='word_1_16' title='bbox 382 174 629 224; x_wconf 86' lang='lat' dir='ltr'>Matremque</span> <span class='ocrx_word' id='word_1_17' title='bbox 684 175 809 229; x_wconf 82' lang='lat' dir='ltr'>Regni</span> <span class='ocrx_word' id='word_1_18' title='bbox 861 175 1163 219; x_wconf 80' lang='lat' dir='ltr'>moderatricem</span> 
     </span>
    </p>
   </div>
   <div class='ocr_carea' id='block_1_3' title="bbox 14 223 136 262">
    <p class='ocr_par' dir='ltr' id='par_1_3' title="bbox 14 223 136 262">
     <span class='ocr_line' id='line_1_4' title="bbox 14 223 136 262; baseline -0.008 -1"><span class='ocrx_word' id='word_1_19' title='bbox 14 223 114 262; x_wconf 76' lang='lat' dir='ltr'>Fran</span> <span class='ocrx_word' id='word_1_20' title='bbox 126 239 136 250; x_wconf 92' lang='lat'><strong>·</strong></span> 
     </span>
    </p>
   </div>
   <div class='ocr_carea' id='block_1_4' title="bbox 185 227 1166 278">
    <p class='ocr_par' dir='ltr' id='par_1_4' title="bbox 185 227 1166 278">
     <span class='ocr_line' id='line_1_5' title="bbox 185 227 1166 278; baseline 0.011 -17"><span class='ocrx_word' id='word_1_21' title='bbox 185 227 404 275; x_wconf 81' lang='lat' dir='ltr'>conjurant.</span> <span class='ocrx_word' id='word_1_22' title='bbox 451 228 543 277; x_wconf 84' lang='lat' dir='ltr'>Qo</span> <span class='ocrx_word' id='word_1_23' title='bbox 578 237 756 278; x_wconf 87' lang='lat' dir='ltr'>tempore</span> <span class='ocrx_word' id='word_1_24' title='bbox 787 229 1028 270; x_wconf 84' lang='lat' dir='ltr'>Raimundus</span> <span class='ocrx_word' id='word_1_25' title='bbox 1056 231 1166 271; x_wconf 87' lang='lat' dir='ltr'>Tho-</span> 
     </span>
    </p>
   </div>
   <div class='ocr_carea' id='block_1_5' title="bbox 16 277 1165 337">
    <p class='ocr_par' dir='ltr' id='par_1_5' title="bbox 16 277 1165 337">
     <span class='ocr_line' id='line_1_6' title="bbox 16 277 1165 337; baseline 0.01 -22"><span class='ocrx_word' id='word_1_26' title='bbox 16 290 137 316; x_wconf 81' lang='lat' dir='ltr'>corum</span> <span class='ocrx_word' id='word_1_27' title='bbox 184 277 283 318; x_wconf 75' lang='lat' dir='ltr'>sosas</span> <span class='ocrx_word' id='word_1_28' title='bbox 314 291 379 328; x_wconf 88' lang='lat' dir='ltr'>pet</span> <span class='ocrx_word' id='word_1_29' title='bbox 397 281 656 320; x_wconf 82' lang='lat' dir='ltr'>Hurnberrum</span> <span class='ocrx_word' id='word_1_30' title='bbox 674 310 686 329; x_wconf 93' lang='lat'>‚</span> <span class='ocrx_word' id='word_1_31' title='bbox 708 283 937 337; x_wconf 83' lang='lat' dir='ltr'>Albigenses</span> <span class='ocrx_word' id='word_1_32' title='bbox 968 297 1035 337; x_wconf 87' lang='lat' dir='ltr'>per</span> <span class='ocrx_word' id='word_1_33' title='bbox 1052 290 1165 326; x_wconf 84' lang='lat' dir='ltr'>loan-</span> 
     </span>
    </p>
   </div>
   <div class='ocr_carea' id='block_1_6' title="bbox 16 343 109 373">
    <p class='ocr_par' dir='ltr' id='par_1_6' title="bbox 16 343 109 373">
     <span class='ocr_line' id='line_1_7' title="bbox 16 343 109 373; baseline -0.011 0"><span class='ocrx_word' id='word_1_34' title='bbox 16 343 109 373; x_wconf 69' lang='lat' dir='ltr'>Rex.</span> 
     </span>
    </p>
   </div>
   <div class='ocr_carea' id='block_1_7' title="bbox 23 1642 124 1684">
    <p class='ocr_par' dir='ltr' id='par_1_7' title="bbox 23 1642 124 1684">
     <span class='ocr_line' id='line_1_8' title="bbox 23 1647 71 1684; textangle 90"><span class='ocrx_word' id='word_1_35' title='bbox 23 1647 71 1684; x_wconf 50' lang='grc' dir='ltr'><strong>ἓ</strong></span> 
     </span>
     <span class='ocr_line' id='line_1_9' title="bbox 94 1642 124 1677; textangle 90"><span class='ocrx_word' id='word_1_36' title='bbox 94 1642 124 1677; x_wconf 76' lang='lat'>0</span> 
     </span>
    </p>
   </div>
   <div class='ocr_carea' id='block_1_8' title="bbox 182 334 1168 504">
    <p class='ocr_par' dir='ltr' id='par_1_8' title="bbox 182 334 1168 504">
     <span class='ocr_line' id='line_1_10' title="bbox 184 334 1167 384; baseline 0.008 -12"><span class='ocrx_word' id='word_1_37' title='bbox 184 346 274 373; x_wconf 89' lang='lat' dir='ltr'>nem</span> <span class='ocrx_word' id='word_1_38' title='bbox 310 334 653 375; x_wconf 85' lang='lat' dir='ltr'>Bellomontanum</span> <span class='ocrx_word' id='word_1_39' title='bbox 679 365 692 384; x_wconf 92' lang='lat'>‚</span> <span class='ocrx_word' id='word_1_40' title='bbox 729 338 767 377; x_wconf 86' lang='lat' dir='ltr'>in</span> <span class='ocrx_word' id='word_1_41' title='bbox 803 339 982 379; x_wconf 79' lang='lat' dir='ltr'>ordinem</span> <span class='ocrx_word' id='word_1_42' title='bbox 1023 340 1167 381; x_wconf 56' lang='lat' dir='ltr'>redacti</span> 
     </span>
     <span class='ocr_line' id='line_1_11' title="bbox 183 386 1168 437; baseline 0.009 -11"><span class='ocrx_word' id='word_1_43' title='bbox 183 386 265 427; x_wconf 89' lang='lat' dir='ltr'>sunt</span> <span class='ocrx_word' id='word_1_44' title='bbox 284 402 299 437; x_wconf 83' lang='lat'>3</span> <span class='ocrx_word' id='word_1_45' title='bbox 315 389 576 429; x_wconf 68' lang='lat' dir='ltr'>ferdinandus</span> <span class='ocrx_word' id='word_1_46' title='bbox 598 391 778 431; x_wconf 82' lang='lat' dir='ltr'>Plandriae</span> <span class='ocrx_word' id='word_1_47' title='bbox 806 397 954 434; x_wconf 85' lang='lat' dir='ltr'>comes</span> <span class='ocrx_word' id='word_1_48' title='bbox 987 394 1027 435; x_wconf 87' lang='lat' dir='ltr'>in</span> <span class='ocrx_word' id='word_1_49' title='bbox 1047 397 1168 435; x_wconf 84' lang='lat' dir='ltr'>Boui-</span> 
     </span>
     <span class='ocr_line' id='line_1_12' title="bbox 182 442 1167 504; baseline 0.008 -22"><span class='ocrx_word' id='word_1_50' title='bbox 182 442 294 483; x_wconf 70' lang='lat' dir='ltr'>niaca</span> <span class='ocrx_word' id='word_1_51' title='bbox 321 450 395 493; x_wconf 90' lang='lat' dir='ltr'>(vt</span> <span class='ocrx_word' id='word_1_52' title='bbox 419 443 561 484; x_wconf 62' lang='lat' dir='ltr'>dietum</span> <span class='ocrx_word' id='word_1_53' title='bbox 581 445 664 493; x_wconf 83' lang='lat' dir='ltr'>est)</span> <span class='ocrx_word' id='word_1_54' title='bbox 693 445 821 502; x_wconf 62' lang='lat' dir='ltr'>pugna</span> <span class='ocrx_word' id='word_1_55' title='bbox 844 461 980 501; x_wconf 83' lang='lat' dir='ltr'>captus</span> <span class='ocrx_word' id='word_1_56' title='bbox 1003 477 1018 497; x_wconf 86' lang='lat'><strong>‚</strong></span> <span class='ocrx_word' id='word_1_57' title='bbox 1057 448 1167 504; x_wconf 64' lang='lat' dir='ltr'>regii</span> 
     </span>
    </p>
   </div>
   <div class='ocr_carea' id='block_1_9' title="bbox 122 497 1168 607">
    <p class='ocr_par' dir='ltr' id='par_1_9' title="bbox 122 497 1168 607">
     <span class='ocr_line' id='line_1_13' title="bbox 123 497 1167 549; baseline 0.009 -14"><span class='ocrx_word' id='word_1_58' title='bbox 123 536 133 546; x_wconf 59' lang='lat'><em>‚</em></span> <span class='ocrx_word' id='word_1_59' title='bbox 182 497 422 538; x_wconf 85' lang='lat' dir='ltr'>liberalitate</span> <span class='ocrx_word' id='word_1_60' title='bbox 440 500 476 539; x_wconf 90' lang='lat' dir='ltr'>in</span> <span class='ocrx_word' id='word_1_61' title='bbox 495 499 718 540; x_wconf 83' lang='lat' dir='ltr'>libertatem</span> <span class='ocrx_word' id='word_1_62' title='bbox 747 502 958 549; x_wconf 44' lang='lat' dir='ltr'>salumn&amp;</span> <span class='ocrx_word' id='word_1_63' title='bbox 984 506 1022 543; x_wconf 90' lang='lat' dir='ltr'>in</span> <span class='ocrx_word' id='word_1_64' title='bbox 1039 506 1167 545; x_wconf 83' lang='lat' dir='ltr'>aulam</span> 
     </span>
     <span class='ocr_line' id='line_1_14' title="bbox 122 552 1168 607; baseline 0.008 -16"><span class='ocrx_word' id='word_1_65' title='bbox 122 590 134 602; x_wconf 76' lang='lat'>‚</span> <span class='ocrx_word' id='word_1_66' title='bbox 183 564 361 605; x_wconf 86' lang='lat' dir='ltr'>receptus</span> <span class='ocrx_word' id='word_1_67' title='bbox 377 552 430 594; x_wconf 89' lang='lat' dir='ltr'>est</span> <span class='ocrx_word' id='word_1_68' title='bbox 446 581 459 602; x_wconf 88' lang='lat'>‚</span> <span class='ocrx_word' id='word_1_69' title='bbox 476 567 516 593; x_wconf 88' lang='lat' dir='ltr'>vt</span> <span class='ocrx_word' id='word_1_70' title='bbox 534 556 614 594; x_wconf 89' lang='lat' dir='ltr'>eius</span> <span class='ocrx_word' id='word_1_71' title='bbox 635 559 755 607; x_wconf 71' lang='lat' dir='ltr'>opera¹</span> <span class='ocrx_word' id='word_1_72' title='bbox 775 561 858 597; x_wconf 83' lang='lat' dir='ltr'>Rex</span> <span class='ocrx_word' id='word_1_73' title='bbox 879 561 916 598; x_wconf 91' lang='lat' dir='ltr'>in</span> <span class='ocrx_word' id='word_1_74' title='bbox 942 562 1168 605; x_wconf 77' lang='lat' dir='ltr'>coniuratos</span> 
     </span>
    </p>
   </div>
   <div class='ocr_carea' id='block_1_10' title="bbox 181 610 1230 1646">
    <p class='ocr_par' dir='ltr' id='par_1_10' title="bbox 181 610 1230 1051">
     <span class='ocr_line' id='line_1_15' title="bbox 181 610 1171 667; baseline 0.009 -22"><span class='ocrx_word' id='word_1_75' title='bbox 181 619 366 647; x_wconf 84' lang='lat' dir='ltr'>vteretur.</span> <span class='ocrx_word' id='word_1_76' title='bbox 402 612 508 648; x_wconf 89' lang='lat' dir='ltr'>Inter</span> <span class='ocrx_word' id='word_1_77' title='bbox 524 612 681 664; x_wconf 84' lang='lat' dir='ltr'>eos,qui</span> <span class='ocrx_word' id='word_1_78' title='bbox 711 610 759 650; x_wconf 88' lang='lat' dir='ltr'>ab</span> <span class='ocrx_word' id='word_1_79' title='bbox 783 614 895 667; x_wconf 86' lang='lat' dir='ltr'>Rege</span> <span class='ocrx_word' id='word_1_80' title='bbox 914 612 1138 654; x_wconf 77' lang='lat' dir='ltr'>secesserant</span> <span class='ocrx_word' id='word_1_81' title='bbox 1154 640 1171 664; x_wconf 88' lang='lat'><strong>‚</strong></span> 
     </span>
     <span class='ocr_line' id='line_1_16' title="bbox 181 665 1230 721; baseline 0.01 -21"><span class='ocrx_word' id='word_1_82' title='bbox 181 674 435 711; x_wconf 82' lang='lat' dir='ltr'>conuenerat,</span> <span class='ocrx_word' id='word_1_83' title='bbox 453 676 494 702; x_wconf 87' lang='lat' dir='ltr'>vt</span> <span class='ocrx_word' id='word_1_84' title='bbox 512 665 755 705; x_wconf 80' lang='lat' dir='ltr'>Ludouicum</span> <span class='ocrx_word' id='word_1_85' title='bbox 775 667 1033 721; x_wconf 87' lang='lat' dir='ltr'>interceptum</span> <span class='ocrx_word' id='word_1_86' title='bbox 1050 671 1168 709; x_wconf 82' lang='lat' dir='ltr'>Blan-</span> <span class='ocrx_word' id='word_1_87' title='bbox 1225 672 1230 676; x_wconf 76' lang='grc'><strong>“</strong></span> 
     </span>
     <span class='ocr_line' id='line_1_17' title="bbox 182 716 1168 775; baseline 0.01 -21"><span class='ocrx_word' id='word_1_88' title='bbox 182 716 262 756; x_wconf 84' lang='lat' dir='ltr'>chae</span> <span class='ocrx_word' id='word_1_89' title='bbox 282 721 396 756; x_wconf 85' lang='lat' dir='ltr'>Matri</span> <span class='ocrx_word' id='word_1_90' title='bbox 417 718 608 759; x_wconf 80' lang='lat' dir='ltr'>auferrent</span> <span class='ocrx_word' id='word_1_91' title='bbox 624 735 640 769; x_wconf 82' lang='lat'>3</span> <span class='ocrx_word' id='word_1_92' title='bbox 658 721 894 775; x_wconf 68' lang='lat' dir='ltr'>exclusaque</span> <span class='ocrx_word' id='word_1_93' title='bbox 923 736 1050 762; x_wconf 87' lang='lat' dir='ltr'>rerum</span> <span class='ocrx_word' id='word_1_94' title='bbox 1080 738 1168 764; x_wconf 86' lang='lat' dir='ltr'>rno-</span> 
     </span>
     <span class='ocr_line' id='line_1_18' title="bbox 183 771 1170 832; baseline 0.009 -23"><span class='ocrx_word' id='word_1_95' title='bbox 183 771 387 812; x_wconf 84' lang='lat' dir='ltr'>deratione</span> <span class='ocrx_word' id='word_1_96' title='bbox 416 777 454 812; x_wconf 81' lang='lat' dir='ltr'>in</span> <span class='ocrx_word' id='word_1_97' title='bbox 486 776 644 814; x_wconf 61' lang='lat' dir='ltr'>Francis</span> <span class='ocrx_word' id='word_1_98' title='bbox 673 777 837 816; x_wconf 84' lang='lat' dir='ltr'>muliere</span> <span class='ocrx_word' id='word_1_99' title='bbox 860 805 874 824; x_wconf 91' lang='lat'>‚</span> <span class='ocrx_word' id='word_1_100' title='bbox 895 791 1027 817; x_wconf 86' lang='lat' dir='ltr'>curam</span> <span class='ocrx_word' id='word_1_101' title='bbox 1045 779 1170 832; x_wconf 82' lang='lat' dir='ltr'>Regis</span> 
     </span>
     <span class='ocr_line' id='line_1_19' title="bbox 184 827 1171 885; baseline 0.005 -18"><span class='ocrx_word' id='word_1_102' title='bbox 184 827 397 880; x_wconf 76' lang='lat' dir='ltr'>Regnique</span> <span class='ocrx_word' id='word_1_103' title='bbox 436 827 681 880; x_wconf 83' lang='lat' dir='ltr'>susciperent.</span> <span class='ocrx_word' id='word_1_104' title='bbox 741 832 895 870; x_wconf 74' lang='lat' dir='ltr'>Mature</span> <span class='ocrx_word' id='word_1_105' title='bbox 938 831 1040 872; x_wconf 66' lang='lat' dir='ltr'>fasto</span> <span class='ocrx_word' id='word_1_106' title='bbox 1071 847 1171 885; x_wconf 84' lang='lat' dir='ltr'>opus</span> 
     </span>
     <span class='ocr_line' id='line_1_20' title="bbox 186 883 1172 940; baseline 0.008 -20"><span class='ocrx_word' id='word_1_107' title='bbox 186 893 269 921; x_wconf 85' lang='lat' dir='ltr'>erat</span> <span class='ocrx_word' id='word_1_108' title='bbox 283 909 295 928; x_wconf 89' lang='lat'><strong>‚</strong></span> <span class='ocrx_word' id='word_1_109' title='bbox 313 883 536 934; x_wconf 69' lang='lat' dir='ltr'>priusquam</span> <span class='ocrx_word' id='word_1_110' title='bbox 559 883 656 933; x_wconf 87' lang='lat' dir='ltr'>justo</span> <span class='ocrx_word' id='word_1_111' title='bbox 674 887 844 924; x_wconf 86' lang='lat' dir='ltr'>exercitu</span> <span class='ocrx_word' id='word_1_112' title='bbox 862 887 1021 928; x_wconf 84' lang='lat' dir='ltr'>consilia</span> <span class='ocrx_word' id='word_1_113' title='bbox 1037 889 1172 940; x_wconf 84' lang='lat' dir='ltr'>oppri-</span> 
     </span>
     <span class='ocr_line' id='line_1_21' title="bbox 185 938 1223 995; baseline 0.009 -21"><span class='ocrx_word' id='word_1_114' title='bbox 185 949 394 976; x_wconf 84' lang='lat' dir='ltr'>merentur.</span> <span class='ocrx_word' id='word_1_115' title='bbox 426 939 552 989; x_wconf 76' lang='lat' dir='ltr'>Prope</span> <span class='ocrx_word' id='word_1_116' title='bbox 570 938 702 984; x_wconf 80' lang='lat' dir='ltr'>fuit,vt</span> <span class='ocrx_word' id='word_1_117' title='bbox 721 952 813 980; x_wconf 90' lang='lat' dir='ltr'>voto</span> <span class='ocrx_word' id='word_1_118' title='bbox 840 943 1057 994; x_wconf 84' lang='lat' dir='ltr'>potirentur</span> <span class='ocrx_word' id='word_1_119' title='bbox 1087 955 1172 995; x_wconf 82' lang='lat' dir='ltr'>per·</span> <span class='ocrx_word' id='word_1_120' title='bbox 1220 992 1223 993; x_wconf 19' lang='lat'><em>⁷</em></span> 
     </span>
     <span class='ocr_line' id='line_1_22' title="bbox 185 991 1173 1051; baseline 0.008 -21"><span class='ocrx_word' id='word_1_121' title='bbox 185 991 348 1031; x_wconf 79' lang='lat' dir='ltr'>duelles.</span> <span class='ocrx_word' id='word_1_122' title='bbox 382 994 482 1030; x_wconf 88' lang='lat' dir='ltr'>Nam</span> <span class='ocrx_word' id='word_1_123' title='bbox 513 992 757 1034; x_wconf 67' lang='lat' dir='ltr'>simulatione</span> <span class='ocrx_word' id='word_1_124' title='bbox 785 994 995 1050; x_wconf 69' lang='lat' dir='ltr'>obsequii,</span> <span class='ocrx_word' id='word_1_125' title='bbox 1017 999 1173 1051; x_wconf 85' lang='lat' dir='ltr'>Regem</span> 
     </span>
    </p>

    <p class='ocr_par' dir='ltr' id='par_1_11' title="bbox 184 1045 1220 1646">
     <span class='ocr_line' id='line_1_23' title="bbox 184 1045 1174 1103; baseline 0.008 -18"><span class='ocrx_word' id='word_1_126' title='bbox 184 1059 276 1085; x_wconf 87' lang='lat' dir='ltr'>cum</span> <span class='ocrx_word' id='word_1_127' title='bbox 319 1045 471 1097; x_wconf 84' lang='lat' dir='ltr'>priuato</span> <span class='ocrx_word' id='word_1_128' title='bbox 488 1048 676 1087; x_wconf 87' lang='lat' dir='ltr'>comitatu</span> <span class='ocrx_word' id='word_1_129' title='bbox 694 1076 708 1095; x_wconf 93' lang='lat'>,</span> <span class='ocrx_word' id='word_1_130' title='bbox 728 1048 809 1088; x_wconf 68' lang='lat' dir='ltr'>solii</span> <span class='ocrx_word' id='word_1_131' title='bbox 850 1048 938 1090; x_wconf 85' lang='lat' dir='ltr'>satis</span> <span class='ocrx_word' id='word_1_132' title='bbox 970 1052 1174 1103; x_wconf 78' lang='lat' dir='ltr'>majestate</span> 
     </span>
     <span class='ocr_line' id='line_1_24' title="bbox 184 1100 1174 1155; baseline 0.007 -15"><span class='ocrx_word' id='word_1_133' title='bbox 184 1100 640 1148; x_wconf 82' lang='lat' dir='ltr'>securum,Vindocinum</span> <span class='ocrx_word' id='word_1_134' title='bbox 657 1105 931 1155; x_wconf 68' lang='lat' dir='ltr'>petenten³‚ad</span> <span class='ocrx_word' id='word_1_135' title='bbox 951 1108 1174 1148; x_wconf 82' lang='lat' dir='ltr'>Letericum</span> 
     </span>
     <span class='ocr_line' id='line_1_25' title="bbox 184 1156 1175 1209; baseline 0.009 -16"><span class='ocrx_word' id='word_1_136' title='bbox 184 1159 370 1194; x_wconf 84' lang='lat' dir='ltr'>Montem</span> <span class='ocrx_word' id='word_1_137' title='bbox 401 1156 500 1208; x_wconf 78' lang='lat' dir='ltr'>pene</span> <span class='ocrx_word' id='word_1_138' title='bbox 536 1157 793 1209; x_wconf 65' lang='lat' dir='ltr'>intercepere.</span> <span class='ocrx_word' id='word_1_139' title='bbox 824 1159 898 1198; x_wconf 87' lang='lat' dir='ltr'>Sed</span> <span class='ocrx_word' id='word_1_140' title='bbox 919 1160 1175 1202; x_wconf 66' lang='lat' dir='ltr'>*theobaldus</span> 
     </span>
     <span class='ocr_line' id='line_1_26' title="bbox 187 1211 1173 1268; baseline 0.007 -19"><span class='ocrx_word' id='word_1_141' title='bbox 187 1211 340 1249; x_wconf 82' lang='lat' dir='ltr'>Comes</span> <span class='ocrx_word' id='word_1_142' title='bbox 357 1212 582 1263; x_wconf 84' lang='lat' dir='ltr'>Campaniae</span> <span class='ocrx_word' id='word_1_143' title='bbox 597 1239 612 1258; x_wconf 84' lang='lat'>‚</span> <span class='ocrx_word' id='word_1_144' title='bbox 630 1211 815 1252; x_wconf 70' lang='lat' dir='ltr'>damnata</span> <span class='ocrx_word' id='word_1_145' title='bbox 845 1214 882 1253; x_wconf 93' lang='lat' dir='ltr'>in</span> <span class='ocrx_word' id='word_1_146' title='bbox 902 1216 1056 1268; x_wconf 85' lang='lat' dir='ltr'>Regem</span> <span class='ocrx_word' id='word_1_147' title='bbox 1073 1228 1173 1257; x_wconf 86' lang='lat' dir='ltr'>con-</span> 
     </span>
     <span class='ocr_line' id='line_1_27' title="bbox 184 1264 1173 1320; baseline 0.008 -17"><span class='ocrx_word' id='word_1_148' title='bbox 184 1264 409 1313; x_wconf 78' lang='lat' dir='ltr'>iuratione,</span> <span class='ocrx_word' id='word_1_149' title='bbox 429 1266 468 1304; x_wconf 89' lang='lat' dir='ltr'>in</span> <span class='ocrx_word' id='word_1_150' title='bbox 501 1267 620 1320; x_wconf 84' lang='lat' dir='ltr'>Regis</span> <span class='ocrx_word' id='word_1_151' title='bbox 650 1265 770 1306; x_wconf 82' lang='lat' dir='ltr'>fidem</span> <span class='ocrx_word' id='word_1_152' title='bbox 802 1270 971 1307; x_wconf 84' lang='lat' dir='ltr'>reuersus</span> <span class='ocrx_word' id='word_1_153' title='bbox 989 1297 1003 1316; x_wconf 87' lang='lat'>‚</span> <span class='ocrx_word' id='word_1_154' title='bbox 1032 1271 1173 1311; x_wconf 74' lang='lat' dir='ltr'>excitis</span> 
     </span>
     <span class='ocr_line' id='line_1_28' title="bbox 186 1319 1170 1375; baseline 0.009 -18"><span class='ocrx_word' id='word_1_155' title='bbox 186 1331 254 1370; x_wconf 88' lang='lat' dir='ltr'>per</span> <span class='ocrx_word' id='word_1_156' title='bbox 282 1319 458 1359; x_wconf 80' lang='lat' dir='ltr'>Blanchae</span> <span class='ocrx_word' id='word_1_157' title='bbox 481 1323 638 1374; x_wconf 67' lang='lat' dir='ltr'>Reginae</span> <span class='ocrx_word' id='word_1_158' title='bbox 672 1324 862 1374; x_wconf 81' lang='lat' dir='ltr'>lacrymas</span> <span class='ocrx_word' id='word_1_159' title='bbox 880 1323 1170 1375; x_wconf 75' lang='lat' dir='ltr'>parisiensibus,</span> 
     </span>
     <span class='ocr_line' id='line_1_29' title="bbox 188 1372 1220 1427; baseline 0.009 -15"><span class='ocrx_word' id='word_1_160' title='bbox 188 1372 432 1413; x_wconf 83' lang='lat' dir='ltr'>Ludouicum</span> <span class='ocrx_word' id='word_1_161' title='bbox 465 1376 640 1427; x_wconf 88' lang='lat' dir='ltr'>periculo</span> <span class='ocrx_word' id='word_1_162' title='bbox 658 1375 867 1416; x_wconf 86' lang='lat' dir='ltr'>liberatum</span> <span class='ocrx_word' id='word_1_163' title='bbox 895 1380 1091 1419; x_wconf 86' lang='lat' dir='ltr'>Lutetiam</span> <span class='ocrx_word' id='word_1_164' title='bbox 1114 1393 1174 1421; x_wconf 80' lang='lat' dir='ltr'>re·</span> <span class='ocrx_word' id='word_1_165' title='bbox 1218 1391 1220 1393; x_wconf 73' lang='grc'><strong><em>’</em></strong></span> 
     </span>
     <span class='ocr_line' id='line_1_30' title="bbox 188 1427 1175 1483; baseline 0.009 -16"><span class='ocrx_word' id='word_1_166' title='bbox 188 1428 311 1467; x_wconf 81' lang='lat' dir='ltr'>duxit.</span> <span class='ocrx_word' id='word_1_167' title='bbox 346 1427 457 1468; x_wconf 83' lang='lat' dir='ltr'>versa</span> <span class='ocrx_word' id='word_1_168' title='bbox 475 1429 565 1468; x_wconf 90' lang='lat' dir='ltr'>inde</span> <span class='ocrx_word' id='word_1_169' title='bbox 582 1431 619 1470; x_wconf 90' lang='lat' dir='ltr'>in</span> <span class='ocrx_word' id='word_1_170' title='bbox 637 1433 885 1483; x_wconf 83' lang='lat' dir='ltr'>Campanum</span> <span class='ocrx_word' id='word_1_171' title='bbox 915 1445 1022 1474; x_wconf 87' lang='lat' dir='ltr'>arma</span> <span class='ocrx_word' id='word_1_172' title='bbox 1039 1435 1060 1474; x_wconf 75' lang='grc' dir='ltr'>ἐι</span> <span class='ocrx_word' id='word_1_173' title='bbox 1077 1449 1175 1476; x_wconf 87' lang='lat' dir='ltr'>con-</span> 
     </span>
     <span class='ocr_line' id='line_1_31' title="bbox 187 1484 1175 1544; baseline 0.008 -22"><span class='ocrx_word' id='word_1_174' title='bbox 187 1484 323 1530; x_wconf 83' lang='lat' dir='ltr'>juratis</span> <span class='ocrx_word' id='word_1_175' title='bbox 345 1500 352 1519; x_wconf 77' lang='grc' dir='ltr'><strong>τ</strong></span> <span class='ocrx_word' id='word_1_176' title='bbox 373 1484 428 1522; x_wconf 85' lang='lat' dir='ltr'>illi</span> <span class='ocrx_word' id='word_1_177' title='bbox 446 1512 458 1530; x_wconf 82' lang='lat'>‚</span> <span class='ocrx_word' id='word_1_178' title='bbox 476 1485 688 1524; x_wconf 83' lang='lat' dir='ltr'>accedente</span> <span class='ocrx_word' id='word_1_179' title='bbox 717 1485 765 1524; x_wconf 79' lang='lat' dir='ltr'>ad</span> <span class='ocrx_word' id='word_1_180' title='bbox 794 1499 922 1538; x_wconf 86' lang='lat' dir='ltr'>partes</span> <span class='ocrx_word' id='word_1_181' title='bbox 944 1490 1175 1544; x_wconf 75' lang='lat' dir='ltr'>Burgundiae</span> 
     </span>
     <span class='ocr_line' id='line_1_32' title="bbox 187 1539 1175 1596; baseline 0.01 -21"><span class='ocrx_word' id='word_1_182' title='bbox 187 1539 320 1585; x_wconf 83' lang='lat' dir='ltr'>Duce,</span> <span class='ocrx_word' id='word_1_183' title='bbox 342 1539 519 1578; x_wconf 82' lang='lat' dir='ltr'>Comitis</span> <span class='ocrx_word' id='word_1_184' title='bbox 541 1541 724 1592; x_wconf 88' lang='lat' dir='ltr'>priuatim</span> <span class='ocrx_word' id='word_1_185' title='bbox 740 1541 866 1589; x_wconf 86' lang='lat' dir='ltr'>hoste,</span> <span class='ocrx_word' id='word_1_186' title='bbox 886 1543 1037 1596; x_wconf 84' lang='lat' dir='ltr'>ingteffi</span> <span class='ocrx_word' id='word_1_187' title='bbox 1054 1548 1175 1586; x_wconf 87' lang='lat' dir='ltr'>Cam-</span> 
     </span>
     <span class='ocr_line' id='line_1_33' title="bbox 189 1593 1175 1646; baseline 0.01 -16"><span class='ocrx_word' id='word_1_188' title='bbox 189 1594 362 1644; x_wconf 83' lang='lat' dir='ltr'>paniam,</span> <span class='ocrx_word' id='word_1_189' title='bbox 380 1593 476 1632; x_wconf 59' lang='lat' dir='ltr'>facti</span> <span class='ocrx_word' id='word_1_190' title='bbox 501 1595 774 1646; x_wconf 78' lang='lat' dir='ltr'>populatione,</span> <span class='ocrx_word' id='word_1_191' title='bbox 789 1597 1084 1638; x_wconf 76' lang='lat' dir='ltr'>Tricastinorum</span> <span class='ocrx_word' id='word_1_192' title='bbox 1103 1614 1175 1640; x_wconf 87' lang='lat' dir='ltr'>no-</span> 
     </span>
    </p>
   </div>
   <div class='ocr_carea' id='block_1_11' title="bbox 25 1646 1176 1740">
    <p class='ocr_par' dir='ltr' id='par_1_12' title="bbox 25 1646 1176 1740">
     <span class='ocr_line' id='line_1_34' title="bbox 97 1646 1176 1733; baseline 0.01 -49"><span class='ocrx_word' id='word_1_193' title='bbox 97 1668 138 1733; x_wconf 72' lang='lat'>8·</span> <span class='ocrx_word' id='word_1_194' title='bbox 189 1646 409 1687; x_wconf 80' lang='lat' dir='ltr'>biliffimam</span> <span class='ocrx_word' id='word_1_195' title='bbox 438 1648 570 1688; x_wconf 86' lang='lat' dir='ltr'>vrbem</span> <span class='ocrx_word' id='word_1_196' title='bbox 601 1648 791 1689; x_wconf 80' lang='lat' dir='ltr'>obsident.</span> <span class='ocrx_word' id='word_1_197' title='bbox 845 1654 926 1689; x_wconf 83' lang='lat' dir='ltr'>Rex</span> <span class='ocrx_word' id='word_1_198' title='bbox 949 1653 1018 1691; x_wconf 82' lang='lat' dir='ltr'>etsi</span> <span class='ocrx_word' id='word_1_199' title='bbox 1048 1655 1176 1696; x_wconf 80' lang='lat' dir='ltr'>adhuc</span> 
     </span>
     <span class='ocr_line' id='line_1_35' title="bbox 25 1711 134 1740; baseline -0.037 0"><span class='ocrx_word' id='word_1_200' title='bbox 25 1711 90 1740; x_wconf 77' lang='lat'>122</span> <span class='ocrx_word' id='word_1_201' title='bbox 123 1722 134 1736; x_wconf 87' lang='lat'>.</span> 
     </span>
    </p>
   </div>
   <div class='ocr_carea' id='block_1_12' title="bbox 189 1702 1177 1921">
    <p class='ocr_par' dir='ltr' id='par_1_13' title="bbox 189 1702 1177 1921">
     <span class='ocr_line' id='line_1_36' title="bbox 189 1702 1176 1756; baseline 0.008 -15"><span class='ocrx_word' id='word_1_202' title='bbox 189 1703 343 1755; x_wconf 83' lang='lat' dir='ltr'>juuenis</span> <span class='ocrx_word' id='word_1_203' title='bbox 357 1731 371 1749; x_wconf 86' lang='lat'>‚</span> <span class='ocrx_word' id='word_1_204' title='bbox 391 1715 438 1742; x_wconf 88' lang='lat' dir='ltr'>ne</span> <span class='ocrx_word' id='word_1_205' title='bbox 455 1704 507 1750; x_wconf 85' lang='lat' dir='ltr'>ei,</span> <span class='ocrx_word' id='word_1_206' title='bbox 525 1704 590 1756; x_wconf 88' lang='lat' dir='ltr'>qui</span> <span class='ocrx_word' id='word_1_207' title='bbox 609 1702 678 1743; x_wconf 84' lang='lat' dir='ltr'>fibi</span> <span class='ocrx_word' id='word_1_208' title='bbox 694 1705 794 1743; x_wconf 76' lang='lat' dir='ltr'>adeo</span> <span class='ocrx_word' id='word_1_209' title='bbox 813 1707 1023 1747; x_wconf 71' lang='lat' dir='ltr'>commode</span> <span class='ocrx_word' id='word_1_210' title='bbox 1042 1708 1176 1749; x_wconf 83' lang='lat' dir='ltr'>adfue-</span> 
     </span>
     <span class='ocr_line' id='line_1_37' title="bbox 191 1758 1176 1817; baseline 0.008 -21"><span class='ocrx_word' id='word_1_211' title='bbox 191 1769 273 1805; x_wconf 87' lang='lat' dir='ltr'>rat,</span> <span class='ocrx_word' id='word_1_212' title='bbox 299 1758 375 1797; x_wconf 78' lang='lat' dir='ltr'>vllt‘i</span> <span class='ocrx_word' id='word_1_213' title='bbox 395 1771 440 1798; x_wconf 83' lang='lat' dir='ltr'>ex</span> <span class='ocrx_word' id='word_1_214' title='bbox 458 1770 566 1810; x_wconf 89' lang='lat' dir='ltr'>parte</span> <span class='ocrx_word' id='word_1_215' title='bbox 583 1758 705 1798; x_wconf 79' lang='lat' dir='ltr'>deesse</span> <span class='ocrx_word' id='word_1_216' title='bbox 720 1758 914 1800; x_wconf 86' lang='lat' dir='ltr'>videretur</span> <span class='ocrx_word' id='word_1_217' title='bbox 934 1764 1108 1814; x_wconf 68' lang='lat' dir='ltr'>30ptime</span> <span class='ocrx_word' id='word_1_218' title='bbox 1126 1764 1176 1817; x_wconf 82' lang='lat' dir='ltr'>de</span> 
     </span>
     <span class='ocr_line' id='line_1_38' title="bbox 191 1812 1177 1864; baseline 0.01 -14"><span class='ocrx_word' id='word_1_219' title='bbox 191 1812 228 1851; x_wconf 88' lang='lat' dir='ltr'>se</span> <span class='ocrx_word' id='word_1_220' title='bbox 264 1813 405 1852; x_wconf 83' lang='lat' dir='ltr'>merito</span> <span class='ocrx_word' id='word_1_221' title='bbox 436 1826 552 1864; x_wconf 90' lang='lat' dir='ltr'>opem</span> <span class='ocrx_word' id='word_1_222' title='bbox 584 1815 672 1852; x_wconf 87' lang='lat' dir='ltr'>tulit</span> <span class='ocrx_word' id='word_1_223' title='bbox 695 1842 708 1862; x_wconf 90' lang='lat'>‚</span> <span class='ocrx_word' id='word_1_224' title='bbox 739 1814 964 1856; x_wconf 84' lang='lat' dir='ltr'>rebellibus.</span> <span class='ocrx_word' id='word_1_225' title='bbox 987 1818 1177 1860; x_wconf 86' lang='lat' dir='ltr'>excedere</span> 
     </span>
     <span class='ocr_line' id='line_1_39' title="bbox 191 1858 1177 1921; baseline 0.009 -17"><span class='ocrx_word' id='word_1_226' title='bbox 191 1858 335 1907; x_wconf 69' lang='grc' dir='ltr'><em>εοαᾶἶς</em></span> <span class='ocrx_word' id='word_1_227' title='bbox 365 1868 587 1920; x_wconf 86' lang='lat' dir='ltr'>petentibus</span> <span class='ocrx_word' id='word_1_228' title='bbox 615 1868 706 1911; x_wconf 80' lang='lat' dir='ltr'>data</span> <span class='ocrx_word' id='word_1_229' title='bbox 732 1882 818 1921; x_wconf 81' lang='lat' dir='ltr'>pax.</span> <span class='ocrx_word' id='word_1_230' title='bbox 853 1871 1017 1911; x_wconf 86' lang='lat' dir='ltr'>Interim</span> <span class='ocrx_word' id='word_1_231' title='bbox 1036 1876 1177 1914; x_wconf 84' lang='lat' dir='ltr'>Armo-</span> 
     </span>
    </p>
   </div>
   <div class='ocr_carea' id='block_1_13' title="bbox 26 1921 1179 2031">
    <p class='ocr_par' dir='ltr' id='par_1_14' title="bbox 26 1921 1179 2031">
     <span class='ocr_line' id='line_1_40' title="bbox 132 1921 1179 1984; baseline 0.008 -23"><span class='ocrx_word' id='word_1_232' title='bbox 132 1950 142 1961; x_wconf 92' lang='lat'>.</span> <span class='ocrx_word' id='word_1_233' title='bbox 193 1921 292 1960; x_wconf 82' lang='lat' dir='ltr'>ricus</span> <span class='ocrx_word' id='word_1_234' title='bbox 325 1936 416 1962; x_wconf 86' lang='lat' dir='ltr'>cum</span> <span class='ocrx_word' id='word_1_235' title='bbox 455 1923 628 1962; x_wconf 84' lang='lat' dir='ltr'>Henrico</span> <span class='ocrx_word' id='word_1_236' title='bbox 661 1927 762 1964; x_wconf 91' lang='lat'>111.</span> <span class='ocrx_word' id='word_1_237' title='bbox 814 1926 1029 1978; x_wconf 84' lang='lat' dir='ltr'>Anglorum</span> <span class='ocrx_word' id='word_1_238' title='bbox 1063 1931 1179 1984; x_wconf 82' lang='lat' dir='ltr'>Rege</span> 
     </span>
     <span class='ocr_line' id='line_1_41' title="bbox 26 1992 137 2031; baseline 0.036 -4"><span class='ocrx_word' id='word_1_239' title='bbox 26 1992 137 2031; x_wconf 78' lang='lat'>1229·</span> 
     </span>
    </p>
   </div>
   <div class='ocr_carea' id='block_1_14' title="bbox 194 1974 1177 2094">
    <p class='ocr_par' dir='ltr' id='par_1_15' title="bbox 194 1974 1177 2094">
     <span class='ocr_line' id='line_1_42' title="bbox 194 1974 1176 2033; baseline 0.009 -20"><span class='ocrx_word' id='word_1_240' title='bbox 194 1974 320 2015; x_wconf 78' lang='lat' dir='ltr'>foedus</span> <span class='ocrx_word' id='word_1_241' title='bbox 342 1978 414 2016; x_wconf 85' lang='lat' dir='ltr'>init</span> <span class='ocrx_word' id='word_1_242' title='bbox 434 1995 442 2016; x_wconf 88' lang='lat'>:</span> <span class='ocrx_word' id='word_1_243' title='bbox 461 1976 524 2016; x_wconf 82' lang='lat' dir='ltr'>sed</span> <span class='ocrx_word' id='word_1_244' title='bbox 555 1977 669 2017; x_wconf 56' lang='lat' dir='ltr'>ducto</span> <span class='ocrx_word' id='word_1_245' title='bbox 697 1978 790 2017; x_wconf 63' lang='lat' dir='ltr'>saeua</span> <span class='ocrx_word' id='word_1_246' title='bbox 819 1980 937 2019; x_wconf 85' lang='lat' dir='ltr'>etiam</span> <span class='ocrx_word' id='word_1_247' title='bbox 973 1981 1114 2033; x_wconf 86' lang='lat' dir='ltr'>hyeme</span> <span class='ocrx_word' id='word_1_248' title='bbox 1136 1985 1176 2023; x_wconf 86' lang='lat' dir='ltr'>in</span> 
     </span>
     <span class='ocr_line' id='line_1_43' title="bbox 194 2030 1177 2094; baseline 0.007 -22"><span class='ocrx_word' id='word_1_249' title='bbox 194 2030 433 2076; x_wconf 75' lang='lat' dir='ltr'>Britanniam</span> <span class='ocrx_word' id='word_1_250' title='bbox 450 2033 622 2075; x_wconf 84' lang='lat' dir='ltr'>exercitu</span> <span class='ocrx_word' id='word_1_251' title='bbox 638 2058 652 2085; x_wconf 92' lang='lat'>,</span> <span class='ocrx_word' id='word_1_252' title='bbox 672 2035 882 2091; x_wconf 70' lang='lat' dir='ltr'>antequam</span> <span class='ocrx_word' id='word_1_253' title='bbox 898 2047 1062 2078; x_wconf 80' lang='lat' dir='ltr'>externae</span> <span class='ocrx_word' id='word_1_254' title='bbox 1083 2049 1177 2094; x_wconf 84' lang='lat' dir='ltr'>gen·</span> 
     </span>
    </p>
   </div>
  </div>
 </body>
</html>
