1264 2189
70 1543 203 1598 effagu.

241 53 320 102 ²56
566 48 698 92 non
731 54 959 95 Pnauerex

158 108 178 139 '.
242 106 364 145 castra
398 103 682 156 superuolitafl'e
711 134 725 154 ‚
764 108 863 148 haud
902 110 1022 149 dubio
1049 108 1219 151 funestis·

243 160 340 200 fimae
368 160 488 201 cladis
519 161 716 217 praesagio.
776 165 993 203 Secundum
1018 166 1112 204 illud
1147 165 1219 206 fuit

243 217 409 256 Franciae
429 218 586 260 vulnus,
606 219 714 266 cujus
731 219 922 258 curationi
940 218 1070 260 frustra
1088 221 1219 271 posted

243 274 327 311 Rex
356 271 548 310 incubuit.
583 273 892 319 Caletum‚vndc
915 274 1149 314 breuiffimus
1170 275 1222 315 cst

241 328 279 365 δι
304 325 538 365 commodus
566 326 587 365 ὲ
615 328 746 366 Gallis
765 329 804 366 in
827 330 1010 383 Angliam
1029 331 1223 378 trajectus,

238 381 360 421 victor
375 380 573 419 Eduardus
590 379 738 422 obfidet
755 408 768 428 ‚
787 386 821 420 δι
844 381 948 423 fame
963 385 1103 423 νίἃυῐη
1136 384 1220 435 post

239 448 406 476 annuam
447 434 689 475 obfidionem
720 464 736 484 ‚
772 435 909 477 frustra
957 437 1153 478 summiffis
1197 438 1220 479 ὲ

241 494 390 530 Franco
418 490 665 531 auxiliaribus
692 492 816 542 copijs
836 520 847 538 ‚
874 493 911 531 in
943 492 1046 532 suam
1077 493 1221 545 redigit

241 545 490 598 potestatem.
527 548 668 598 Itaque
698 545 848 600 egreffis
864 546 1012 598 oppido
1040 561 1128 587 cum
1150 547 1220 588 fin-

242 601 343 654 gulis
359 601 597 640 vestimentis
613 627 626 648 ,
646 601 737 639 tristi
761 600 848 640 sane
867 602 1080 651 spectaculo
1109 603 1222 653 oppi-

186 680 196 693 ·
242 655 380 702 danis,
411 656 631 708 Anglorum
661 657 818 694 colonia
846 656 895 695 eb
914 656 1103 703 ἀεάυᾶα,
1135 670 1239 712 ἕνην

242 712 300 750 uis
334 714 567 749 Francorum
614 709 728 749 rebus
771 711 963 750 incubuit.
1026 710 1132 751 NJhil
1176 711 1224 752 effi

241 765 402 803 νίἃοτίἑὶ
432 765 625 803 crudelius
657 769 805 804 Franco
836 781 849 813 3
881 765 947 804 nisi
979 780 1070 804 mox
1101 767 1223 805 Pieta-

239 819 375 859 uienfis
395 820 486 859 esset
508 819 648 858 secuta.
696 822 800 859 Inter
817 833 879 859 eas
900 820 1028 860 clades
1045 833 1093 860 nc
1113 834 1224 872 pror-

237 873 296 912 sus
313 874 446 912 omnia
475 873 627 912 Francis
661 873 820 913 inimica
852 873 1073 914 viderentur
1092 889 1107 923 3
1125 875 1224 915 Del·

181 959 190 969 .
239 928 418 979 phinatus
435 927 663 967 Viennensis
679 956 690 974 ‚
715 928 879 968 Franciae
895 930 1046 969 acceffit
1063 943 1076 977 3
1095 931 1223 969 Hum-

180 1014 189 1025 .
239 982 354 1023 berto
384 983 563 1033 Principe
589 1010 604 1029 ‚
637 985 701 1034 qui
723 980 859 1022 amissa
898 983 1110 1023 liberorum
1141 983 1233 1036 spe,·

237 1038 596 1079 Dominicanorum
619 1037 792 1076 instituto
811 1037 846 1076 se
873 1038 1022 1078 addixit
1039 1066 1052 1086 ,
1071 1038 1114 1078 eii
1133 1038 1224 1093 lege

238 1095 340 1134 vitro
370 1092 536 1132 cedente
555 1120 567 1139 ‚
601 1104 641 1129 vt
675 1093 740 1144 qui
771 1092 914 1143 primus
945 1097 1093 1134 Franco
1119 1093 1223 1147 Regi

236 1148 342 1188 filius
363 1147 581 1187 nasceretur
596 1174 609 1192 ,
627 1147 706 1185 eius
727 1145 843 1186 ferret
861 1160 1004 1187 nomen
1021 1175 1033 1195 ‚
1051 1161 1094 1195 ac
1115 1148 1223 1188 Prin-

236 1203 411 1255 ciparurn
431 1200 639 1241 obtineret.
675 1203 778 1240 Hinc
808 1204 972 1241 Franciae
998 1202 1225 1254 Delphini,

236 1270 318 1311 quo
335 1256 415 1296 fere
446 1268 624 1307 tempore
641 1256 839 1308 Phiiippus
864 1260 949 1297 Rex·
976 1257 1022 1296 ad
1054 1262 1219 1310 Nogcn·

237 1323 322 1352 turn
339 1312 509 1365 Regium
529 1316 599 1350 XX
651 1339 660 1349 .
679 1312 807 1364 Regni
826 1324 944 1359 anno,
962 1324 1104 1351 naturae
1121 1313 1223 1367 legi-

240 1366 313 1406 bus
342 1363 537 1406 conceffie.
631 1379 664 1404 1c
689 1368 775 1409 Rex
808 1366 952 1418 primus
982 1367 1147 1421 vefflgai
1177 1379 1225 1407 ex

242 1422 332 1461 Sale
357 1419 554 1462 instituisse
577 1418 710 1459 Fertur.
767 1420 887 1472 Qiod
917 1420 1069 1460 Tributi
1101 1433 1225 1474 genus

242 1475 308 1515 etfi
329 1489 447 1531 graue
463 1475 594 1514 multis
610 1474 729 1513 vi‘urn
742 1502 756 1522 ‚
774 1475 820 1513 ad
841 1474 938 1515 hanc
957 1488 1086 1515 tamen
1103 1475 1222 1528 vsque

242 1531 348 1570 diem
366 1530 491 1570 multi>
525 1529 677 1583 grauius
700 1531 736 1568 δε
757 1530 900 1569 ευᾶἰυς
933 1529 1124 1581 penditur.
1161 1534 1224 1569 In-

245 1585 446 1640 geniosum
473 1583 715 1635 profec'tb,&
739 1583 765 1623 fi
785 1583 924 1624 modus
954 1585 1046 1624 esset
1071 1613 1085 1632 ‚
1118 1585 1224 1639 Regi

244 1641 341 1679 vtile
364 1669 378 1685 ,
412 1638 650 1679 multitudini
688 1650 841 1692 gratum
870 1640 1070 1681 inuentum
1095 1667 1110 1687 ‚
1142 1653 1223 1695 quo

244 1706 363 1737 nemo
391 1694 413 1736 ἐι
433 1694 580 1735 tributo
596 1693 697 1735 liber
715 1692 781 1735 est.
