1264 2189
53 109 181 161 Naeng.

54 163 149 204 Tau.

219 48 302 92 260
549 52 681 92 Fron
712 53 936 94 Famem!

221 119 361 161 cunque
385 103 567 146 obuenerit
585 138 597 154 ,
635 107 729 147 laun
762 110 867 162 vulgi
886 108 1026 148 animos
1053 101 1198 161 repent?

221 161 394 200 immutat
427 179 436 205 3
468 162 637 215 prosperis
667 161 766 202 rebus
809 165 980 202 (creaturi
1014 161 1064 201 ad
1096 162 1192 213 obse-

52 219 145 257 Τατ.
174 213 202 255 Ι.
221 217 349 267 quium
367 234 375 257 3
396 214 561 266 aduersas
579 247 590 263 ‚
610 231 727 255 omna
755 232 798 257 ex
815 231 914 269 aquo
928 218 1195 257 denreeqabane.

54 283 92 312 2.
111 270 195 325 hist.
219 273 333 312 Hanc
358 270 503 310 solutus
525 271 547 310 ὲ
572 283 727 310 carcere
745 272 765 310 a
782 272 851 310 suae
866 271 1044 311 fafflonis
1065 271 1196 311 homi-

218 326 334 366 nibus
367 330 559 365 Nauarrus
585 353 597 372 ,
632 326 849 379 ignominia
881 328 1058 366 accensus
1077 355 1089 372 ,
1117 329 1197 365 An-

217 381 379 435 glusque
399 380 544 419 dudum
574 379 691 419 hostis
725 378 1121 433 fouebant3vterque
1148 393 1195 420 ex

216 436 360 475 misero
382 436 546 475 Francia:
567 432 771 486 naufragio
795 447 921 485 partes
943 437 1089 487 aliquas
1114 435 1198 474 col-

217 491 396 530 leeturus.
429 490 525 528 Vilis
547 487 669 528 fixisset
695 490 880 541 Delphini
902 489 1069 545 dignitas
1087 518 1100 537 ‚
1130 487 1198 529 nisi

216 544 415 595 vtriusque
449 543 551 582 foeda
581 542 740 583 consilia
779 545 952 598 artesque
992 544 1198 596 prudenti&

217 599 394 654 fingulari
425 597 653 649 peruiciffet.
700 599 803 638 Hinc
830 599 886 638 illi
919 601 1107 651 Sapientis
1125 613 1197 639 co-

219 665 392 709 gnomen
420 653 583 692 inditum
602 652 667 692 est.
702 653 838 693 Diuifa
852 653 890 692 in
908 652 1091 694 fastiones
1108 653 1198 694 vrbs

220 708 505 761 populofiffima
534 711 570 746 δε
599 709 778 759 primaria
794 736 807 755 ‚
830 708 950 748 caedes
973 708 1076 749 1³26:ae
1093 735 1107 757 ,
1126 707 1198 748 ab·

219 763 355 803 straffl
373 763 617 817 jugulatique
644 763 709 815 qui
740 762 788 802 ad
811 764 971 802 tutelam
1004 764 1197 803 sacrorum

221 817 492 872 confugissent.
522 821 607 857 Nec
634 830 706 868 pax
731 814 928 856 funeribus
953 818 1041 857 data
1061 832 1076 867 ;
1093 818 1199 857 saeui-

158 892 167 897 -
220 884 302 920 tum
334 887 371 912 in
399 884 574 911 mortuos
590 899 602 919 .‚
625 884 689 910 eas
706 872 811 924 vulgi
831 872 960 911 turbas
978 871 1136 913 fouente
1153 884 1200 911 ac
1252 922 1257 926 .

220 928 445 966 concitante
472 930 660 966 Nauarto.
707 927 887 974 Carolus,
904 938 951 966 ne
970 928 1032 967 cui
1063 928 1102 967 in
1125 926 1200 967 bac

149 1004 160 1017 ·
219 996 346 1021 rerum
363 982 589 1020 colluuione
606 981 642 1019 se
670 993 714 1018 ac
731 979 964 1034 dignitatem
982 982 1084 1020 suam
1101 994 1199 1021 con-

220 1037 390 1077 tumeliae
411 1036 599 1082 offerret,
623 1033 795 1086 praesenti
830 1037 998 1087 tempori
1039 1035 1075 1074 se
1110 1035 1201 1074 sub·

220 1103 416 1138 traxerat,
434 1092 533 1130 acin
552 1090 806 1129 Germaniam
832 1091 879 1128 ad
906 1091 1092 1132 Carolum
1115 1094 1197 1129 Im-

218 1159 441 1198 peratorem
459 1146 692 1184 auunculum
722 1145 821 1196 (qui
846 1143 949 1184 forte
976 1157 1057 1184 tum
1078 1146 1199 1186 Metis

219 1201 397 1256 agebat)
422 1200 621 1240 secesserat
637 1227 650 1246 ‚
665 1198 791 1238 donec
817 1200 948 1251 populi
975 1198 1107 1246 firror,
1128 1199 1198 1252 qui
1249 1242 1252 1244 Α

220 1256 459 1295 atrociffimae
491 1253 729 1307 tempestatis
776 1253 888 1292 instar
932 1255 1197 1302 intumuerat,

221 1310 439 1350 desaeniffet.
475 1313 569 1349 Mox
599 1307 799 1348 orantibus
823 1307 1000 1348 Parifinis
1028 1308 1199 1348 reuersus

153 1353 176 1420 ,⁹
222 1367 449 1412 Lutetiam,
477 1377 534 1403 res
554 1363 677 1402 nihilo
709 1364 872 1402 tutiores
902 1363 1070 1403 offendit
1091 1364 1198 1402 :ani-

221 1433 324 1459 mam
346 1420 446 1470 pene
472 1419 683 1471 precariam
713 1419 882 1457 retinens
900 1420 996 1457 inter
1013 1417 1198 1465 infensos,

221 1474 317 1514 (τῆς
347 1476 384 1514 in
412 1477 494 1514 eius
523 1473 646 1513 oculis
681 1473 817 1512 aulicis
856 1486 901 1512 ac
940 1470 1198 1513 familiaribus

220 1531 418 1570 nonnullis
436 1558 449 1576 ‚
470 1533 506 1569 δι
525 1542 592 1581 per
616 1528 804 1568 summum
834 1528 1044 1567 ludibrium
1071 1528 1197 1566 traais

221 1587 261 1623 &
286 1585 467 1636 projeffis
495 1584 541 1623 ad
559 1586 712 1623 Petram
730 1611 743 1630 ‚
765 1594 807 1621 vt
834 1596 998 1630 vocant,
1021 1586 1198 1621 Marmo-

221 1651 327 1679 ream
362 1657 371 1679 :
396 1638 529 1692 resque
558 1639 610 1677 eo
641 1638 849 1690 proue&a‚
877 1650 918 1676 vt
948 1637 967 1676 ὲ
1001 1637 1198 1689 Stephano

164 1733 174 1743 ,
222 1695 411 1734 Marcello
431 1692 611 1733 Praefe&o
641 1693 742 1732 vrbis
773 1692 973 1731 l’lebeium
996 1693 1197 1743 Capitium

151 1788 165 1800 ‚
221 1749 324 1788 rubri
355 1763 399 1788 ac
429 1749 577 1789 caerulei
607 1749 782 1793 coloris,
805 1761 883 1800 quo
907 1748 986 1785 vim
1019 1748 1197 1786 multitu-

218 1804 319 1843 dinis
337 1805 356 1843 ὲ
374 1805 411 1843 se
426 1803 794 1847 auerteret‚1·nduere
809 1815 1026 1856 cogeretur.
1046 1805 1198 1852 -Itaque

220 1859 351 1899 τεῐίἂᾶ
387 1860 525 1898 iterium
556 1859 709 1898 Lutetia
738 1887 750 1904 ‚
792 1857 1007 1897 nobilitatis
1038 1870 1198 1896 manum

223 1915 341 1966 qnam
369 1916 495 1966 potuit
524 1915 734 1953 maximam
767 1913 1007 1967 colligit3&
1038 1911 1197 1950 seditio-

224 1972 352 2008 sorum
382 1982 521 2024 agmen
538 1997 552 2015 ‚
570 1968 787 2021 Iaqueriam
814 1967 1021 2007 vocabant.
1060 1969 1197 2017 Depu-

223 2036 345 2079 gnare
373 2022 503 2066 ausum
532 2025 572 2066 in
591 2024 812 2066 Bellouacis
828 2023 997 2079 primum
1012 2050 1026 2072 ‚
1044 2020 1197 2119 ‘dessadle

1043 2090 1081 2119 in
1145 2088 1164 2118 e
1183 2097 1198 2107 -
